@Article{Das2011,
   Author="Das S. ",
   Title="{{L}{O}{R}{I}{S}: a web-based data management system for multi-center studies}",
   Journal="Front.Neuroinform",
   Year="2011",
   Volume="5"
}

@ARTICLE{Clark2015,
AUTHOR={Clark, Daniel  and  Haselgrove, Christian  and  Kennedy, David N  and  Liu, Zhizhong  and  Milham, Michael  and  Petrosyan, Petros  and  Torgerson, Carinna  and  Van Horn, John  and  Craddock, Cameron},   
TITLE={Harnessing cloud computing for high capacity analysis of neuroimaging data from NDAR},      
JOURNAL={Frontiers in Neuroscience},      
VOLUME={},      
YEAR={},      
NUMBER={21},     
URL={http://www.frontiersin.org/neuroscience/10.3389/conf.fnins.2015.91.00021/full},       
DOI={10.3389/conf.fnins.2015.91.00021},      
ISSN={1662-453X} ,      
ABSTRACT={}}

% 26019122 
@Article{landis2016,
   Author="Landis, D.  and Courtney, W.  and Dieringer, C.  and Kelly, R.  and King, M.  and Miller, B.  and Wang, R.  and Wood, D.  and Turner, J. A.  and Calhoun, V. D. ",
   Title="{{C}{O}{I}{N}{S} {D}ata {E}xchange: {A}n open platform for compiling, curating, and disseminating neuroimaging data}",
   Journal="Neuroimage",
   Year="2016",
   Volume="124",
   Number="Pt B",
   Pages="1084--1088",
   Month="Jan"
}

% 23123682 
@Article{mennes2013,
   Author="Mennes, M.  and Biswal, B. B.  and Castellanos, F. X.  and Milham, M. P. ",
   Title="{{M}aking data sharing work: the {F}{C}{P}/{I}{N}{D}{I} experience}",
   Journal="Neuroimage",
   Year="2013",
   Volume="82",
   Pages="683--691",
   Month="Nov"
}

% 23087608 
@Article{nooner2012,
   Author="Nooner, K. B.  and Colcombe, S. J.  and Tobe, R. H.  and Mennes, M.  and Benedict, M. M.  and Moreno, A. L.  and Panek, L. J.  and Brown, S.  and Zavitz, S. T.  and Li, Q.  and Sikka, S.  and Gutman, D.  and Bangaru, S.  and Schlachter, R. T.  and Kamiel, S. M.  and Anwar, A. R.  and Hinz, C. M.  and Kaplan, M. S.  and Rachlin, A. B.  and Adelsberg, S.  and Cheung, B.  and Khanuja, R.  and Yan, C.  and Craddock, C. C.  and Calhoun, V.  and Courtney, W.  and King, M.  and Wood, D.  and Cox, C. L.  and Kelly, A. M.  and Di Martino, A.  and Petkova, E.  and Reiss, P. T.  and Duan, N.  and Thomsen, D.  and Biswal, B.  and Coffey, B.  and Hoptman, M. J.  and Javitt, D. C.  and Pomara, N.  and Sidtis, J. J.  and Koplewicz, H. S.  and Castellanos, F. X.  and Leventhal, B. L.  and Milham, M. P. ",
   Title="{{T}he {N}{K}{I}-{R}ockland {S}ample: {A} {M}odel for {A}ccelerating the {P}ace of {D}iscovery {S}cience in {P}sychiatry}",
   Journal="Front Neurosci",
   Year="2012",
   Volume="6",
   Pages="152"
}

% 20176931 
@Article{biswal2010,
   Author="Biswal, B. B.  and Mennes, M.  and Zuo, X. N.  and Gohel, S.  and Kelly, C.  and Smith, S. M.  and Beckmann, C. F.  and Adelstein, J. S.  and Buckner, R. L.  and Colcombe, S.  and Dogonowski, A. M.  and Ernst, M.  and Fair, D.  and Hampson, M.  and Hoptman, M. J.  and Hyde, J. S.  and Kiviniemi, V. J.  and Kotter, R.  and Li, S. J.  and Lin, C. P.  and Lowe, M. J.  and Mackay, C.  and Madden, D. J.  and Madsen, K. H.  and Margulies, D. S.  and Mayberg, H. S.  and McMahon, K.  and Monk, C. S.  and Mostofsky, S. H.  and Nagel, B. J.  and Pekar, J. J.  and Peltier, S. J.  and Petersen, S. E.  and Riedl, V.  and Rombouts, S. A.  and Rypma, B.  and Schlaggar, B. L.  and Schmidt, S.  and Seidler, R. D.  and Siegle, G. J.  and Sorg, C.  and Teng, G. J.  and Veijola, J.  and Villringer, A.  and Walter, M.  and Wang, L.  and Weng, X. C.  and Whitfield-Gabrieli, S.  and Williamson, P.  and Windischberger, C.  and Zang, Y. F.  and Zhang, H. Y.  and Castellanos, F. X.  and Milham, M. P. ",
   Title="{{T}oward discovery science of human brain function}",
   Journal="Proc. Natl. Acad. Sci. U.S.A.",
   Year="2010",
   Volume="107",
   Number="10",
   Pages="4734--4739",
   Month="Mar"
}

@ARTICLE{Milham2012,
AUTHOR={Milham, Michael P.  and  Fair, Damien  and  Mennes, Maarten  and  Mostofsky, Stewart H.},   
TITLE={The adhd-200 consortium: a model to advance the translational potential of neuroimaging in clinical neuroscience},      
JOURNAL={Frontiers in Systems Neuroscience},      
VOLUME={6},      
YEAR={2012},      
NUMBER={62},     
URL={http://www.frontiersin.org/systems_neuroscience/10.3389/fnsys.2012.00062/full},       
DOI={10.3389/fnsys.2012.00062},      
ISSN={1662-5137} }

@Article{dimartino2014,
   Author="Di Martino, A.  and Yan, C. G.  and Li, Q.  and Denio, E.  and Castellanos, F. X.  and Alaerts, K.  and Anderson, J. S.  and Assaf, M.  and Bookheimer, S. Y.  and Dapretto, M.  and Deen, B.  and Delmonte, S.  and Dinstein, I.  and Ertl-Wagner, B.  and Fair, D. A.  and Gallagher, L.  and Kennedy, D. P.  and Keown, C. L.  and Keysers, C.  and Lainhart, J. E.  and Lord, C.  and Luna, B.  and Menon, V.  and Minshew, N. J.  and Monk, C. S.  and Mueller, S.  and Muller, R. A.  and Nebel, M. B.  and Nigg, J. T.  and O'Hearn, K.  and Pelphrey, K. A.  and Peltier, S. J.  and Rudie, J. D.  and Sunaert, S.  and Thioux, M.  and Tyszka, J. M.  and Uddin, L. Q.  and Verhoeven, J. S.  and Wenderoth, N.  and Wiggins, J. L.  and Mostofsky, S. H.  and Milham, M. P. ",
   Title="{{T}he autism brain imaging data exchange: towards a large-scale evaluation of the intrinsic brain architecture in autism}",
   Journal="Mol. Psychiatry",
   Year="2014",
   Volume="19",
   Number="6",
   Pages="659--667",
   Month="Jun"
}

@Article{zuo2014,
   Author="Zuo, X. N.  and Anderson, J. S.  and Bellec, P.  and Birn, R. M.  and Biswal, B. B.  and Blautzik, J.  and Breitner, J. C.  and Buckner, R. L.  and Calhoun, V. D.  and Castellanos, F. X.  and Chen, A.  and Chen, B.  and Chen, J.  and Chen, X.  and Colcombe, S. J.  and Courtney, W.  and Craddock, R. C.  and Di Martino, A.  and Dong, H. M.  and Fu, X.  and Gong, Q.  and Gorgolewski, K. J.  and Han, Y.  and He, Y.  and He, Y.  and Ho, E.  and Holmes, A.  and Hou, X. H.  and Huckins, J.  and Jiang, T.  and Jiang, Y.  and Kelley, W.  and Kelly, C.  and King, M.  and LaConte, S. M.  and Lainhart, J. E.  and Lei, X.  and Li, H. J.  and Li, K.  and Li, K.  and Lin, Q.  and Liu, D.  and Liu, J.  and Liu, X.  and Liu, Y.  and Lu, G.  and Lu, J.  and Luna, B.  and Luo, J.  and Lurie, D.  and Mao, Y.  and Margulies, D. S.  and Mayer, A. R.  and Meindl, T.  and Meyerand, M. E.  and Nan, W.  and Nielsen, J. A.  and O'Connor, D.  and Paulsen, D.  and Prabhakaran, V.  and Qi, Z.  and Qiu, J.  and Shao, C.  and Shehzad, Z.  and Tang, W.  and Villringer, A.  and Wang, H.  and Wang, K.  and Wei, D.  and Wei, G. X.  and Weng, X. C.  and Wu, X.  and Xu, T.  and Yang, N.  and Yang, Z.  and Zang, Y. F.  and Zhang, L.  and Zhang, Q.  and Zhang, Z.  and Zhang, Z.  and Zhao, K.  and Zhen, Z.  and Zhou, Y.  and Zhu, X. T.  and Milham, M. P. ",
   Title="{{A}n open science resource for establishing reliability and reproducibility in functional connectomics}",
   Journal="Sci Data",
   Year="2014",
   Volume="1",
   Pages="140049"
}

@article {Gorgolewski2015,
	author = {Gorgolewski, Krzysztof Jacek and Auer, Tibor and Calhoun, Vince D. and Craddock, R. Cameron and Das, Samir and Duff, Eugene P. and Flandin, Guillaume and Ghosh, Satrajit S. and Glatard, Tristan and Halchenko, Yaroslav O. and Handwerker, Daniel A. and Hanke, Michael and Keator, David and Li, Xiangrui and Michael, Zachary and Maumet, Camille and Nichols, B. Nolan and Nichols, Thomas E. and Poline, Jean-Baptiste and Rokem, Ariel and Schaefer, Gunnar and Sochat, Vanessa and Turner, Jessica A. and Varoquaux, Ga{\"e}l and Poldrack, Russell A.},
	title = {The Brain Imaging Data Structure: a standard for organizing and describing outputs of neuroimaging experiments},
	year = {2015},
	doi = {10.1101/034561},
	publisher = {Cold Spring Harbor Labs Journals},
	abstract = {The development of magnetic resonance imaging (MRI) techniques has defined modern neuroimaging. Since its inception, tens of thousands of studies using techniques such as functional MRI and diffusion weighted imaging have allowed for the non-invasive study of the brain. Despite the fact that MRI is routinely used to obtain data for neuroscience research, there has been no widely adopted standard for organizing and describing the data collected in an imaging experiment. This renders sharing and reusing data (within or between labs) difficult if not impossible, and unnecessarily complicates the application of automatic pipelines and quality assurance protocols. To solve this problem, we have developed the Brain Imaging Data Structure (BIDS), a standard format and comprehensive protocol for organizing and describing MRI datasets. The BIDS protocol uses file formats compatible with existing software, unifies the majority of practices already common in the field, and captures the metadata necessary for most common data processing operations.},
	URL = {http://biorxiv.org/content/early/2015/12/16/034561},
	eprint = {http://biorxiv.org/content/early/2015/12/16/034561.full.pdf},
	journal = {bioRxiv}
}

